
@inproceedings{Dulloor:tiering,
 author = {Dulloor, Subramanya R. and Roy, Amitabha and Zhao, Zheguang and Sundaram, Narayanan and Satish, Nadathur and Sankaran, Rajesh and Jackson, Jeff and Schwan, Karsten},
 title = {Data Tiering in Heterogeneous Memory Systems},
 booktitle = {Proceedings of the Eleventh European Conference on Computer Systems},
 series = {EuroSys '16},
 year = {2016},
 isbn = {978-1-4503-4240-7},
 location = {London, United Kingdom},
 pages = {15:1--15:16},
 articleno = {15},
 numpages = {16},
 url = {http://doi.acm.org/10.1145/2901318.2901344},
 doi = {10.1145/2901318.2901344},
 acmid = {2901344},
 publisher = {ACM},
 address = {New York, NY, USA}
} 

@article{Raoux:pcm,
 author = {Raoux, S. and Burr, G. W. and Breitwisch, M. J. and Rettner, C. T. and Chen, Y.-C. and Shelby, R. M. and Salinga, M. and Krebs, D. and Chen, S.-H. and Lung, H.-L. and Lam, C. H.},
 title = {Phase-change Random Access Memory: A Scalable Technology},
 journal = {IBM J. Res. Dev.},
 issue_date = {July 2008},
 volume = {52},
 number = {4},
 month = jul,
 year = {2008},
 issn = {0018-8646},
 pages = {465--479},
 numpages = {15},
 url = {http://dx.doi.org/10.1147/rd.524.0465},
 doi = {10.1147/rd.524.0465},
 acmid = {1462885},
 publisher = {IBM Corp.},
 address = {Riverton, NJ, USA}
}
@inproceedings{Shen:dataplacer,
 author = {Shen, Du and Liu, Xu and Lin, Felix Xiaozhu},
 title = {Characterizing Emerging Heterogeneous Memory},
 booktitle = {Proceedings of the 2016 ACM SIGPLAN International Symposium on Memory Management},
 series = {ISMM 2016},
 year = {2016},
 isbn = {978-1-4503-4317-6},
 location = {Santa Barbara, CA, USA},
 pages = {13--23},
 numpages = {11},
 url = {http://doi.acm.org/10.1145/2926697.2926702},
 doi = {10.1145/2926697.2926702},
 acmid = {2926702},
 publisher = {ACM},
 address = {New York, NY, USA},
 keywords = {Heterogeneous memory, data placement, heterogeneous benchmarks, performance characterization}
}
@inproceedings{Pena:knapsack,
  author        = "Antonio J. Pe√±a and Pavan Balaji",
  title         = "Toward the efficient use of multiple explicitly managed memory subsystems",
  booktitle     = "Proc. {IEEE} International International Conference on Cluster Computing ({CLUSTER}'14)",
  month         = sept,
  year          = "2014",
  pages         = "123-131"
}


@inproceedings{Kannan:pVM,
 author = {Kannan, Sudarsun and Gavrilovska, Ada and Schwan, Karsten},
 title = {pVM: Persistent Virtual Memory for Efficient Capacity Scaling and Object Storage},
 booktitle = {Proceedings of the Eleventh European Conference on Computer Systems},
 series = {EuroSys '16},
 year = {2016},
 isbn = {978-1-4503-4240-7},
 location = {London, United Kingdom},
 pages = {13:1--13:16},
 articleno = {13},
 numpages = {16},
 url = {http://doi.acm.org/10.1145/2901318.2901325},
 doi = {10.1145/2901318.2901325},
 acmid = {2901325},
 publisher = {ACM},
 address = {New York, NY, USA}
}

@MISC{polybench,
author = {L. Pouchet},
title = {PolyBench/C: the Polyhedral Benchmark suite{@MISC}},
month = "March",
year = {2017},
url = {http://web.cse.ohio-state.edu/~pouchet/software/polybench/}
}

@MISC{stream,
author = {John McCalpin},
title = {STREAM},
month = "March",
year = {2017},
url = {http://www.cs.virginia.edu/stream/ref.html}
}

@MISC{coral:suite,
title = {CORAL Benchmark Codes},
month = "March",
year = {2017},
url = {https://asc.llnl.gov/CORAL-benchmarks/}
}

@INPROCEEDINGS{polybench:gpu,
    author = {Scott Grauer-gray and Lifan Xu and Robert Searles and Sudhee Ayalasomayajula and John Cavazos},
    title = {Auto-tuning a high-level language targeted to GPU codes},
    booktitle = {In Innovative Parallel Computing Conference. IEEE},
    year = {2012}
}


@phdthesis{sudarsun:thesis,
  author={Sudarsun Kannan},
  title={{OS Support for Heterogeneous Memory}},
  institution={Georgia Institute of Technology},
  year=2016
  }




@misc{memkind:usage,
  author={Jeff Hammond},
  title={{Usage models and APIs for Intel Knights Landing In-Package Memory}},
  note={www.alcf.anl.gov/files/Hammond\_ALCF\_Theta\_HBM\_overview\_PUBLIC.pdf},
  key={memkind}
  }

@inproceedings{memkind,
  author={Christopher Cantalupo and Vishwanath Venkatesan and Jeff R. Hammond and Krzysztof Czurylo and Simon Hammond},
  title={{memkind: An Extensible Heap Memory Manager for Heterogeneous Memory Platforms and Mixed Memory Policies}},
  booktitle={Workshop on Runtime and Operating Systems for Supercomputers (ROSS 2015)},
  year=2015
  }



@inproceedings{Chou:Batman,
 author = {Chou, Chia-Chen and Jaleel, Aamer and Qureshi, Moinuddin},
 title = {{BATMAN: Maximizing Bandwidth Utilization for Hybrid Memory Systems}},
 booktitle = {Technical Report, TR-CARET-2015-01 (March 9, 2015)},
 year = {2015},
} 

@inproceedings{affinity:asplos13,
author = {Dashti, Mohammad and Fedorova, Alexandra and Funston, Justin and Gaud, Fabien and Lachaize, Renaud and Lepers, Baptiste and Quema, Vivien and Roth, Mark},
 title = {{Traffic Management: A Holistic Approach to Memory Placement on NUMA Systems}},
 booktitle = {Proceedings of the Eighteenth International Conference on Architectural Support for Programming Languages and Operating Systems},
 year = {2013}
} 



@misc{coral,
  note={energy.gov/articles/department-energy-awards-425-million-next-generation-supercomputing-technologies},
  title={{Department of Energy Awards \$425 Million for Next Generation Supercomputing Technologies}},
  key={coral}
  }

@misc{ascr:facilities,
  title={{ASCR Facilities Requirements}},
  author={Katherine Riley},
  note={exascaleage.org},
  year=2017, 
  key={ASCR}
  }

@inproceedings{bonnie,
  title={{Soft2LM: Application Guided Heterogeneous Memory Management}},
  author={Michael Giardino and Kshitij Doshi and Bonnie Ferri},
  booktitle={IEEE Conference on Networking, Architecture and Storage (NAS)},
  year=2016
  }

@inproceedings{Tramm:wy,
author = {Tramm, John R and Siegel, Andrew R and Islam, Tanzima and Schulz, Martin},
title = {{XSBench - The Development and Verification of a Performance Abstraction for Monte Carlo Reactor Analysis}},
booktitle = {PHYSOR 2014 - The Role of Reactor Physics toward a Sustainable Future},
address = {Kyoto}
}

@article{Pena:2016,
 author = {Pe\~{n}a, Antonio J. and Balaji, Pavan},
 title = {A Data-oriented Profiler to Assist in Data Partitioning and Distribution for Heterogeneous Memory in HPC},
 journal = {Parallel Comput.},
 issue_date = {January 2016},
 volume = {51},
 number = {C},
 month = jan,
 year = {2016},
 issn = {0167-8191},
 pages = {46--55},
 numpages = {10},
 url = {http://dx.doi.org/10.1016/j.parco.2015.10.006},
 doi = {10.1016/j.parco.2015.10.006},
 acmid = {2895881},
 publisher = {Elsevier Science Publishers B. V.},
 address = {Amsterdam, The Netherlands, The Netherlands},
 keywords = {Data-oriented profiling, Heterogeneous memory, Object-differentiated profiling, Scratchpad memory, Valgrind}
} 

@inproceedings{Bronevetsky:2008,
 author = {Bronevetsky, Greg and Gyllenhaal, John and De Supinski, Bronis R.},
 title = {CLOMP: Accurately Characterizing OpenMP Application Overheads},
 booktitle = {Proceedings of the 4th International Conference on OpenMP in a New Era of Parallelism},
 series = {IWOMP'08},
 year = {2008},
 isbn = {3-540-79560-X, 978-3-540-79560-5},
 location = {West Lafayette, IN, USA},
 pages = {13--25},
 numpages = {13},
 url = {http://dl.acm.org/citation.cfm?id=1789826.1789829},
 acmid = {1789829},
 publisher = {Springer-Verlag},
 address = {Berlin, Heidelberg},
}

@Inproceedings{sudarsun:isca17,
  title={{HeteroOS - OS Design for Heterogeneous Memory Management in Datacenter}},
  author={Sudarsun Kannan and Ada Gavrilovska and Vishal Gupta and Karsten Schwan},
  booktitle={44th International Symposium on Computer Architecture (ISCA'17)},
  address={Toronto, ON},
  mon=jun, year=2017
  }
  